@misc{ramesh2022hierarchicaltextconditionalimagegeneration,
title={Hierarchical Text-Conditional Image Generation with CLIP Latents}, 
author={Aditya Ramesh and Prafulla Dhariwal and Alex Nichol and Casey Chu and Mark Chen},
year={2022},
eprint={2204.06125},
archivePrefix={arXiv},
primaryClass={cs.CV},
url={https://arxiv.org/abs/2204.06125}, 
}

@inproceedings{radford2021learning,
title={Learning transferable visual representations from natural language supervision},
author={Radford, Alec and Kim, Jong Wook and Hallacy, Chris and Ramesh, Aditya and Goh, Gabriel and Agarwal, Sandhini and Sastry, Girish and Askell, Amanda and Mishkin, Pamela and Clark, Jack and others},
booktitle={International conference on machine learning},
pages={8748--8763},
year={2021},
organization={PMLR}
}

@misc{lipman2023flowmatchinggenerativemodeling,
      title={Flow Matching for Generative Modeling}, 
      author={Yaron Lipman and Ricky T. Q. Chen and Heli Ben-Hamu and Maximilian Nickel and Matt Le},
      year={2023},
      eprint={2210.02747},
      archivePrefix={arXiv},
      primaryClass={cs.LG},
      url={https://arxiv.org/abs/2210.02747}, 
}